
@article{Hamel_Cope_2022, 
  title={Development and considerations for application of a longevity-based prior for the natural mortality rate}, 
  volume={256}, 
  DOI={10.1016/j.fishres.2022.106477}, 
  journal={Fisheries Research}, 
  author={Hamel, Owen S. and Cope, Jason M.}, 
  year={2022}, 
  month={Dec}, 
  pages={106477}
} 

@article{Hatfield_Cadrin_2002, 
  title={Geographic and temporal patterns in size and maturity of the longfin inshore squid (\textit{{Loligo} pealeii}) off the northeastern United States}, 
  volume={100}, 
  number={2}, 
  journal={Fishery Bulletin}, 
  author={Hatfield, Emma M.C and Cadrin, Steven X}, 
  year={2002}, 
  month={Apr}, 
  pages={200–213}
}

@article{Macy_Brodziak_2001, 
  title={Seasonal maturity and size at age of (\textit{{Loligo} pealeii}) in waters of southern New England}, 
  volume={58}, 
  DOI={10.1006/jmsc.2001.1076}, 
  number={4}, 
  journal={ICES Journal of Marine Science}, 
  author={Macy, William and Brodziak, Jon}, 
  year={2001}, 
  month={Aug}, 
  pages={852–864}
} 

@article{jeanmichel_copernicus_2021,
	title = {The {Copernicus} {Global} 1/12° {Oceanic} and {Sea} {Ice} {GLORYS12} {Reanalysis}},
	volume = {9},
	issn = {2296-6463},
	url = {https://www.frontiersin.org/articles/10.3389/feart.2021.698876/full},
	doi = {10.3389/feart.2021.698876},
	urldate = {2025-05-27},
	journal = {Frontiers in Earth Science},
	author = {Jean-Michel, Lellouche and Eric, Greiner and Romain, Bourdallé-Badie and Gilles, Garric and Angélique, Melet and Marie, Drévillon and Clément, Bricaud and Mathieu, Hamon and Olivier, Le Galloudec and Charly, Regnier and Tony, Candela and Charles-Emmanuel, Testut and Florent, Gasparin and Giovanni, Ruggiero and Mounir, Benkiran and Yann, Drillet and Pierre-Yves, Le Traon},
	month = jul,
	year = {2021},
	pages = {698876},
}

@techreport{mafmc_midatlantic_2025,
	title = {Mid-{Atlantic} {EAFM} Risk Assessment: 2025 Update},
	url = {https://static1.squarespace.com/static/511cdc7fe4b00307a2628ac6/t/67d45b1680e8654ecaf1b98e/1741970199497/b_Draft+MAB_RiskAssess_2025.pdf},
	author = {MAFMC},
	year = {2025},
	pages = {34},
}

@techreport{jacobson_2005,
	title = {Essential fish habitat source document. Longfin inshore squid, (\textit{{Loligo} pealeii}), life history and habitat characteristics},
	url = {https://repository.library.noaa.gov/view/noaa/4035},
	author = {Jacobson, Lawrence D},
	year = {2005},
	pages = {52},
}

@techreport{mafmc_longfin_2025,
	title = {Longfin Squid (\textit{{Doryteuthis} pealeii}) Fishery Information Document},
	url = {https://static1.squarespace.com/static/511cdc7fe4b00307a2628ac6/t/6806b0eab3a3986a9561ef3c/1745268972731/Longfin-FID_2025-04.pdf},
	author = {MAFMC},
	year = {2025},
	pages = {14},
}

@techreport{richardson_2026,
	title = {A hypothesized life history of longfin squid (\textit{{Doryteuthis} pealeii}) on the East Coast of the United States.},
	url = {},
	author = {Richardson, David},
	year = {2026},
	pages = {39},
}



